@Article{Abbasnejad2016,
  author    = {Abbasnejad, Ehsan and Dick, Anthony R. and van den Hengel, Anton},
  title     = {Infinite Variational Autoencoder for Semi-Supervised Learning},
  journal   = {arxiv:1611.07800},
  year      = {2016}
}

@Article{Aczel1963,
  title        ={Charakterisierung der Entropien positiver Ordnung und der {Shannonschen} Entropie},
  author       = {Acz{\'e}l, J{\'a}nos and Dar{\'o}czy, Zolt{\'a}n},
  journal      = {Acta Mathematica Hungarica},
  year         = {1963},
}

@Article{Ajanthan2017,
  title={Efficient Linear Programming for Dense CRFs},
  author={Ajanthan, Thalaiyasingam and Desmaison, Alban and Bunel, Rudy and Salzmann, Mathieu and Torr, Philip HS and Kumar, M Pawan},
  journal=cvpr,
  year={2017}
}

@Article{Alemi2017,
  author    = {Alemi , Alexander A. and Fischer, Ian and Dillon, Joshua V. and Murphy, Kevin P.},
  title     = {Deep Variational Information Bottleneck},
  journal   = iclr,
  year      = {2017},
}

@Article{Allamanis2017,
 author        = {Allamanis, Miltiadis and Chanthirasegaran, Pankajan and Kohli, Pushmeet and Sutton, Charles},
 title         = {Learning Continuous Semantic Representations of Symbolic Expressions},
 journal       = icml,
 year          = {2017},
}

@Article{Amos2016,
  author       = {Amos, Brandon and Xu, Lei and Kolter, J. Zico},
  title        = {Input Convex Neural Networks},
  journal      = arxiv,
  year         = {2016},
}

@Article{Arpit2017,
  author       = {Devansh Arpit and Stanis{\l}aw Jastrz{\k{e}}bski and Nicolas Ballas and David Krueger and Emmanuel Bengio and Maxinder S. Kanwal and Tegan Maharaj and Asja Fischer and Aaron Courville and Yoshua Bengio and Simon Lacoste-Julien},
  title        = {A Closer Look at Memorization in Deep Networks},
  journal      = icml,
  year         = {2017},
}

@Article{Ba2017,
  title   = {Distributed second-order optimization using Kronecker-factored approximations},
  author  = {Ba, Jimmy and Grosse, Roger and Martens, James},
  journal = iclr,
  year    = {2017}
}

@Article{Bach2015,
  author       = {Bach, Francis},
  title        = {Duality between subgradient and conditional gradient methods},
  journal      = {SIAM Journal on Optimization},
  year         = {2015},
}

@Article{Bahdanau2016,
  author       = {Bahdanau, Dzmitry and Serdyuk, Dmitriy and Brakel, Philemon and Ke, Nan Rosemary and Chorowski, Jan and Bengio, Yoshua},
  title        = {Task Loss Estimation for Sequence Prediction},
  journal      = {arxiv:1511.06456},
  year         = {2016},
}

@Article{Bainbridge2013,
author         = {Bainbridge, Wilma A.  and Isola, Phillip and Oliva, Aude},
title          = {The intrinsic memorability of face photographs},
year           = {2013},
journal        = {Journal of Experimental Psychology: General},
}

@Book{Bakir2007,
  author       = {BakIr,G{\"o}khan and Hofman, Thomas and Sch{\"o}lkopf, Bernhard and Smola, Alexander J. and Taskar, Ben and Vishwanathan, S.V.N. Vishy},
  title        = {Predicting Structured Data},
  publisher    = {MIT Press},
  year         = {2007},
}

@Article{Barrett2006,
  title={Splitting on demand in SAT modulo theories},
  author={Barrett, Clark and Nieuwenhuis, Robert and Oliveras, Albert and Tinelli, Cesare},
  journal={International Conference on Logic for Programming Artificial Intelligence and Reasoning},
  year={2006},
}

@Article{Bastani2016,
  title = {Measuring neural net robustness with constraints},
  author = {Bastani, Osbert and Ioannou, Yani and Lampropoulos, Leonidas and Vytiniotis, Dimitrios and Nori, Aditya and Criminisi, Antonio},
  journal = neurips,
  year = {2016}
}

@Manual{Bastien2012,
  author = {Bastien, Fr{\'{e}}d{\'{e}}ric and Lamblin, Pascal and Pascanu, Razvan and Bergstra, James and Goodfellow, Ian J. and Bergeron, Arnaud and Bouchard, Nicolas and Bengio, Yoshua},
  title  = {Theano: new features and speed improvements},
  year   = {2012},
}

@Article{Baydin2018,
  title   = {Online Learning Rate Adaptation with Hypergradient Descent},
  author  = {Baydin, Atilim Gunes and Cornish, Robert and Rubio, David Martinez and Schmidt, Mark and Wood, Frank},
  journal = iclr,
  year    = {2018}
}

@Article{Beck2009,
  title       = {A fast iterative shrinkage-thresholding algorithm for linear inverse problems},
  author      = {Beck, Amir and Teboulle, Marc},
  journal     = {SIAM journal on imaging sciences},
  year        = {2009},
}

@Article{Beck2012,
  author      = {Beck, Amir and Teboulle, Marc},
  title       = {Smoothing and first order methods: A unified framework},
  journal     = {SIAM Journal on Optimization},
  year        = {2012}
}

@Article{Behl2014,
  author      = {Behl, Aseem and Jawahar, C. V. and Kumar, M. Pawan},
  title       = {Optimizing {A}verage {P}recision using Weakly Supervised Data},
  journal     = cvpr,
  year        = {2014}
}

@Article{Behrmann2018,
  author      = {Behrmann, Jens and Grathwohl, Will and Chen, Ricky T. Q. and Duvenaud, David and Jacobsen, J{\:o}rn-Henrik},
  title       = {Invertible Residual Networks},
  journal     = {arxiv:1811.00995v2},
  year        = {2018}
}

@Article{Bengio2007,
  author       = {Bengio, Yoshua and Lamblin, Pascal and Popovici, Dan and Larochelle, Hugo and others},
  title        = {Greedy layer-wise training of deep networks},
  journal      = neurips,
  year         = {2007},
}

@Article{Bengio2009,
 author       = {Bengio, Yoshua},
 title        = {Learning Deep Architectures for {AI}},
 journal      = {Foundations and Trends in Machine Learning},
 year         = {2009},
}

@Article{Bengio2013,
  author       = {Bengio, Yoshua and Courville, Aaron and Vincent, Pascal},
  title        = {Representation learning: A review and new perspectives},
  journal      = {IEEE Transactions on Pattern Analysis and Machine Intelligence},
  volume = {35},
  number = {8},
  month = aug,
  pages = {1798--1828},
  year         = {2013}
}

@Article{Bergstra2010,
  author       = {Bergstra, James and Breuleux, Olivier and Bastien, Fr{\'{e}}d{\'{e}}ric and Lamblin, Pascal and Pascanu, Razvan and Desjardins, Guillaume and Turian, Joseph and Warde-Farley, David and Bengio, Yoshua},
  title        = {Theano: a {CPU} and {GPU} Math Expression Compiler},
  journal      = {Python for Scientific Computing Conference ({SciPy})},
  year         = {2010},
}

@Article{Bernardo1979,
  author       = {Bernardo, Jos{\'{e}} M.},
  title        = {Expected information as expected utility},
  journal      = {The Annals of Statistics},
  volume       = {7},
  number       = {3},
  pages        = {891--921},
  year         = {1979},
  month        = {May},
}

@Article{Berrada2017,
  title        = {Trusting {SVM} for Piecewise Linear {CNNs}},
  author       = {Berrada, Leonard and Zisserman, Andrew and Kumar, M Pawan},
  journal      = iclr,
  year         = {2017}
}

@Article{Berrada2018,
  author       = {Berrada, Leonard and Zisserman, Andrew and Kumar, M Pawan},
  title        = {Smooth Loss Functions for Deep Top-k Classification},
  journal      = iclr,
  year         = {2018},
}

@Article{Blaschko2008,
  author       = {Matthew B. Blaschko and Christoph H. Lampert},
  title        = {Learning to Localize Objects with Structured Output Regression},
  journal      = eccv,
  year         = {2008},
}

@Article{Borgwardt2006,
 author       =  {Borgwardt, Karsten M. and Gretton, Arthur and Rasch, Malte J. and Kriegel, Hans-Peter and Sch{\"o}lkopf, Bernhard and Smola, Alex J.},
 title        = {Integrating structured biological data by {K}ernel {M}aximum {M}ean {D}iscrepancy},
 journal      = {Bioinformatics (ISMB)},
 volume       = {22},
 number       = {14},
 pages        = {e49â€“-e57},
 year         = {2006},
}

@Article{Botev2017,
  title   = {Practical gauss-newton optimisation for deep learning},
  author  = {Botev, Aleksandar and Ritter, Hippolyt and Barber, David},
  journal = icml,
  year    = {2017}
}

@Article{Bouchacourt2015,
  author       = {Bouchacourt, Diane and Nowozin, Sebastian and Kumar, M. Pawan},
  title        = {Entropy-based Latent Structured Output Prediction},
  journal      = iccv,
  year         = {2015},
}

@Article{Bouchacourt2016,
  author       = {Bouchacourt, Diane and Kumar, M. Pawan and Nowozin, Sebastian},
  title        = {{DISCO N}ets: {DIS}similarity {CO}efficient {N}etworks},
  journal      = neurips,
  year         = {2016},
}

@Article{Bouchacourt2017,
  author       = {Bouchacourt, Diane and Tomioka, Ryota and Nowozin, Sebastian},
  title        = {Multi-Level Variational Autoencoder: Learning Disentangled Representations from Grouped Observations},
  journal      = {arxiv:1705.08841},
  year         = {2017},
}

@Article{Bouchard2013,
  author       = {Bouchard, Mathieu and Jousselme, Anne-Laure and Dor{\'{e}}, Pierre-Emmanuel},
  title        = {A proof for the positive definiteness of the {J}accard index matrix},
  journal      = {International Journal of Approximate Reasoning},
  volume       = {54},
  number       = {5},
  pages        = {615--626},
  year         = {2013},
}

@Article{Bousquet2017,
  author        = {Bousquet, Olivier and Gelly, Sylvain and Tolstikhin, Ilya and Simon-Gabriel, Carl-Johann and Sch{\"o}lkopf, Bernhard},
  title        ={From optimal transport to generative modeling: the {VEGAN} cookbook},
  journal      = {arxiv:1705.07642},
  year         = {2017},
}

@Article{Bousmalis2016,
  author    = {Bousmalis, Konstantinos and Silberman, Nathan and Dohan, David and Erhan, Dumitru and Dilip Krishnan, Dilip},
  title     = {Unsupervised Pixel-Level Domain Adaptation with Generative Adversarial Networks},
  journal   = cvpr,
  year      = {2017},
}

@Article{Bowman2015,
  title   = {A large annotated corpus for learning natural language inference},
  author  = {Bowman, Samuel R and Angeli, Gabor and Potts, Christopher and Manning, Christopher D},
  journal = emnlp,
  year    = {2015}
}

@Book{Boyd2004,
  title     = {Convex optimization},
  author    = {Boyd, Stephen and Vandenberghe, Lieven},
  year      = {2004},
  publisher = {Cambridge university press}
}

@Article{Boykov2001,
 author = {Boykov, Yuri and Veksler, Olga and Zabih, Ramin},
 title = {Fast Approximate Energy Minimization via Graph Cuts},
 journal = {PAMI},
 volume   = {23},
 number   = {11},
 pages    = {1222-â€“1239},
 year = {2001},
}

@Article{Bubeck2015,
  title     = {Convex optimization: Algorithms and complexity},
  author    = {Bubeck, S{\'e}bastien},
  journal   = {Foundations and Trends in Machine Learning},
  year      = {2015},
}

@article{Bugallo2017,
	title     = {Adaptive importance sampling: the past, the present, and the future},
	author    = {Bugallo, Monica F and Elvira, Victor and Martino, Luca and Luengo, David and Miguez, Joaquin and Djuric, Petar M},
	journal   = {IEEE Signal Processing Magazine},
	volume    = {34},
	number    = {4},
	pages     = {60--79},
	year      = {2017},
	publisher = {IEEE}
}

@Article{Chang2017,
  title      = {Robust Top-k Multiclass {SVM} for Visual Category Recognition},
  author     = {Chang, Xiaojun and Yu, Yao-Liang and Yang, Yi},
  year       = {2017},
  journal    = {International Conference on Knowledge Discovery and Data Mining}
}

@Article{Chaudhari2017,
  title      = {Entropy-{SGD}: Biasing gradient descent into wide valleys},
  author     = {Chaudhari, Pratik and Choromanska, Anna and Soatto, Stefano and LeCun, Yann},
  journal    = iclr,
  year       = {2017}
}

@Article{Chaudhari2018,
  title      = {Stochastic gradient descent performs variational inference, converges to limit cycles for deep networks},
  author     = {Chaudhari, Pratik and Soatto, Stefano},
  journal    = iclr,
  year       = {2018}
}

@Article{Chen1997,
  author = {Chen, Ming-Hui and Shao, Qi-Man},
  journal = {The Annals of Statistics},
  month = {08},
  number = {4},
  pages = {1563--1594},
  publisher = {The Institute of Mathematical Statistics},
  title = {On {M}onte {C}arlo methods for estimating ratios of normalizing constants},
  volume = {25},
  year = {1997}
}

@Article{Chen2016,
  author    = {Chen, Xi and Duan, Yan and Houthooft, Rein and Schulman, John and Sutskever, Ilya and Abbeel, Pieter},
  title     = {Info{GAN}: Interpretable Representation Learning by Information Maximizing Generative Adversarial Nets},
  journal   = neurips,
  year      = {2016},
}

@Article{Chen2017,
  author    = {Chen, Xi and Kingma, Diederik P. and Salimans, Tim and Duan, Yan and  Dhariwal, Prafulla and Schulman, John and Sutskever, Ilya and Abbeel, Pieter},
  title     = {Variational Lossy Autoencoder},
  journal   = iclr,
  year      = {2017},
}

@Article{Chen2018,
  title     = {Neural Ordinary Differential Equations},
  author    = {Chen, Ricky T. Q. and Rubanova, Yulia and Bettencourt, Jesse and Duvenaud, David},
  journal   = neurips,
  year      = {2018}
}

@Article{Cheng2017,
  title={Maximum Resilience of Artificial Neural Networks},
  author={Cheng, Chih-Hong and N{\"u}hrenberg, Georg and Ruess, Harald},
  journal={Automated Technology for Verification and Analysis},
  year={2017}
}

@Article{Cheung2014,
  author    = {Cheung, Brian and Livezey, Jesse A. and Bansal, Arjun K. and Olshausen, Bruno A.},
  title     = {Discovering Hidden Factors of Variation in Deep Networks},
  journal   = {arxiv:1412.6583},
  year      = {2014},
}

@Article{Cisse2017,
  author      = {Cisse, Moustapha and Adi, Yossi and Neverova, Natalia and Keshet, Joseph},
  title       = {Houdini: Fooling Deep Structured Prediction Models},
  journal     = {arxiv:1707.05373},
  year        = {2017},
}

@article{Clevert2016,
  title       = {Fast and accurate deep network learning by exponential linear units ({ELU}s)},
  author      = {Clevert, Djork-Arn{\'e} and Unterthiner, Thomas and Hochreiter, Sepp},
  journal     = iclr,
  year        = {2016}
}

@Article{Cohen1978,
  title   = {Optimization by decomposition and coordination: A unified approach},
  author  = {Cohen, Guy},
  journal = {IEEE Transactions on automatic control},
  year    = {1978},
}

@Book{Conn2009,
  author      = {Conn, Andrew R and Scheinberg, Katya and Vicente, Luis N},
  title       = {Introduction to Derivative-free Optimization},
  publisher   = {SIAM},
  year        = {2009},
}

@Article{Conneau2017,
  title   = {Supervised learning of universal sentence representations from natural language inference data},
  author  = {Conneau, Alexis and Kiela, Douwe and Schwenk, Holger and Barrault, Loic and Bordes, Antoine},
  journal = emnlp,
  year    = {2017}
}

@Article{Cornish2020cif,
    title   = {Relaxing Bijectivity Constraints with Continuously Indexed Normalising Flows},
    author  = {Rob Cornish and Anthony L. Caterini and George Deligiannidis and Arnaud Doucet},
    year    = {2020},
    journal = icml,
}

@Article{Crammer2001,
  author      = {Crammer, Koby and Singer, Yoram},
  title       = {On the algorithmic implementation of multiclass kernel-based vector machines},
  journal     = jmlr,
  year        = {2001},
}

@article{Cremer2018inf,
	title={Inference suboptimality in variational autoencoders},
	author={Cremer, Chris and Li, Xuechen and Duvenaud, David},
	journal=icml,
	year={2018}
}

@Article{DeCao2019bnaf,
  author       = {De Cao, Nicola and Titov, Ivan and Aziz, Wilker},
  title        = {Block Neural Autoregressive Flow},
  journal      = {arxiv:1904.04676},
  year         = {2019},
}

@Article{Denton2016,
  author       = {Denton, Emily and Gross, Sam and Fergus, Rob},
  title        = {Semi-supervised learning with context-conditional generative adversarial networks},
  journal      = {arxiv:1606.01583},
  year         = {2016},
}

@Article{Denton2017,
  author       = {Denton, Emily and Birodkar, Vighnesh},
  title        = {Unsupervised Learning of Disentangled Representations from Video},
  journal      = {arxiv:1705.10915},
  year         = {2017},
}

@Article{Dawid2007,
  author = {Dawid, Alexander Philip},
  title = {The Geometry of Proper Scoring Rules},
  journal = {Annals of the Institute of Statistical Mathematics},
  volume  ={59},
  number = {1},
  pages ={77-â€“93},
  year = {2007},
}

@Article{Dawid2015,
  author = {Dawid, Alexander Philip and Musio, Monica},
  title = {{B}ayesian Model Selection Based on Proper Scoring Rules},
  journal = {{B}ayesian Analysis},
  volume  = {10},
  pages   = {479-499},
  year = {2015},
}

@Article{Dawid2017,
  author       = {Dawid, Alexander Philip and Musio, Monica and Columbu, Silvia},
  title        = {A Note on {B}ayesian Model Selection for Discrete Data Using Proper Scoring Rules},
  journal      = {arxiv:1703.03353},
  year         = {2017},
}

@Article{Defossez2017,
  title   = {AdaBatch: Efficient Gradient Aggregation Rules for Sequential and Parallel Stochastic Gradient Methods},
  author  = {D{\'e}fossez, Alexandre and Bach, Francis},
  journal = {arXiv preprint arXiv:1711.01761},
  year    = {2017}
}

@Article{Dempster1977,
  author       = {Dempster, Arthur P. and Laird, Nan M. and Rubin, Donald B.},
  title        = {Maximum likelihood from incomplete data via the {EM} algorithm},
  journal      = {Journal of the Royal Statistical Society},
  year         = {1977},
}

@Article{Denton2015,
  title         = {Deep Generative Image Models using a Laplacian Pyramid of Adversarial Networks},
  author       = {Denton, Emily and Chintala, Soumith and Szlam, Arthur and Fergus, Rob},
  journal      = neurips,
  year         = {2015},
}

@Article{Desjardins2015,
  author       = {Desjardins, Guillaume and Simonyan, Karen and Pascanu, Razvan and others},
  title        = {Natural neural networks},
  journal      = neurips,
  year         = {2015},
}

@Article{Dinh2015nice,
  author    = {Dinh, Laurent and Krueger, David and Bengio, Yoshua},
  title     = {{NICE}: {N}on-linear {I}ndependent {C}omponents {E}stimation},
  journal   = iclr,
  year      = {2015},
}

@Article{Dinh2017realnvp,
  author    = {Dinh, Laurent and Sohl{-}Dickstein, Jascha and Bengio, Samy},
  title     = {Density estimation using {R}eal {NVP}},
  journal   = iclr,
  year      = {2017},
}

@article{Dinh2017sharp,
  title     = {Sharp minima can generalize for deep nets},
  author    = {Dinh, Laurent and Pascanu, Razvan and Bengio, Samy and Bengio, Yoshua},
  journal   = icml,
  year      = {2017}
}

@Article{Donahue2017,
 author        = {Donahue, Chris and Balsubramani, Akshay and McAuley, Julian and Lipton, Zachary C.},
 title         = {Semantically Decomposing the Latent Spaces of Generative Adversarial Networks},
 journal       = {arxiv:1705.07904},
 year          = {2017},
}

@Article{Dreossi2017,
 author = {Dreossi, Tommaso and Ghosh, Shromona and Sangiovanni-Vincentelli, Alberto and A. Seshia, Sanjit},
 title  = {Systematic Testing of Convolutional Neural Networks for Autonomous Driving},
 journal= {arxiv:1708.03309},
 year   = {2017},
}

@Article{Duchi2011,
  author       = {Duchi, John and Hazan, Elad and Singer, Yoram},
  title        = {Adaptive subgradient methods for online learning and stochastic optimization},
  journal      = jmlr,
  year         = {2011},
}

@Manual{Dupraz2015,
  author       = {Dupraz, St{\'e}phane},
  title        = {Measure Theory and Probability Theory},
  url          = {http://www.columbia.edu/~sd2702/measuretheory.pdf},
  year         = {2015}
}

@Article{Durand2015,
  author = {Durand, Thibaut and Thome, Nicolas and Cord, Matthieu},
  title = {{MANTRA}: Minimum Maximum Latent Structural {SVM} for Image Classification and Ranking},
  journal = iccv,
  year = {2015},
}

@Article{Durand2016,
  author = {Durand, Thibaut and Thome, Nicolas and Cord, Matthieu},
  title = {{WELDON}: Weakly Supervised Learning of Deep Convolutional Neural Networks},
  journal = cvpr,
  year = {2016},
}

@Article{Dziugaite2015,
  author       = {Dziugaite, Gintare K. and Roy, Daniel M. and Ghahramani, Zoubin},
  title        = {Training generative neural networks via Maximum Mean Discrepancy optimization},
  journal      = uai,
  year         = {2015},
}

@Article{Edwards2016,
  author    = {Edwards, Harrison and Storkey, Amos J.},
  title     = {Censoring Representations with an Adversary},
  journal   = iclr,
  year      = {2016},
}

@Article{Edwards2017,
  author    = {Edwards, Harrison and Storkey, Amos J.},
  title     = {Towards a Neural Statistician},
  journal   = iclr,
  year      = {2017},
}

@Article{Ehlers2017,
  author={Ehlers, Ruediger},
  title={Formal Verification of Piece-Wise Linear Feed-Forward Neural Networks},
  journal={arXiv:1705.01320},
  year={2017}
}

@Article{Esteban1995,
  title        = {A Summary on Entropy Statistics},
  author       = {Esteban, Mar{\'i}a D. and Morales, Domingo},
  journal      = {Kybernetika},
  number = {4},
  pages = {337-346},
  volume = {31},
  year         = {1995},
}

@Article{Evans1995,
  author =        {Evans, Michael and Swartz, Tim},
  journal =       {Statistical science},
  pages =         {254--272},
  publisher =     {JSTOR},
  title =         {Methods for approximating integrals in statistics
                   with special emphasis on {B}ayesian integration
                   problems},
  year =          {1995},
}

@Article{Everingham2010,
  author       = {Everingham, Mark and Van Gool, Luc and Williams, Christopher K. I. and Winn, John and Zisserman, Andrew},
  title        = {The Pascal Visual Object Classes ({VOC}) Challenge},
  journal      = ijcv,
  year         = {2010},
}

@Article{Fan2017,
  title        = {Learning with Average Top-k Loss},
  author       = {Fan, Yanbo and Lyu, Siwei and Ying, Yiming and Hu, Bao-Gang},
  journal      = neurips,
  year         = {2017}
}

@Article{Felzenszwalb2008,
  author       = {Felzenszwalb, Pedro and McAllester, David and Ramanan, Deva},
  title        = {A Discriminatively Trained, Multiscale, Deformable Part Model},
  journal      = cvpr,
  year         = {2008},
}

@Manual{Felzenszwalb2010,
  author       = {Felzenszwalb, Pedro F. and Girshick, Ross and McAllester, David A.},
  title        = {Discriminatively trained deformable part models, release 4},
  url          = {http://cs.brown.edu/~pff/latent-release4/},
  year         = {2010}
}

@Article{Fothergill2012,
  title        = {Instructing people for training gestural interactive systems},
  author       = {Fothergill, Simon and Mentis, Helena M. and Kohli, Pushmeet and Nowozin, Sebastian},
  journal      = {CHI},
  year         = {2012},
}

@Article{Frank1956,
  author       = {Frank, Marguerite and Wolfe, Philip},
  title        = {An algorithm for quadratic programming},
  journal      = {Naval Research Logistics Quarterly},
  year         = {1956},
}

@Article{Frerix2018,
title     = {Proximal Backpropagation},
author    = {Thomas Frerix and Thomas MÃ¶llenhoff and Michael Moeller and Daniel Cremers},
journal   = iclr,
year      = {2018},
}

@Article{Fu2017,
  author = {Fu, Tzu-Chien and Liu, Yen-Cheng and Chiu, Wei-Chen and Wang, Sheng-De and Wang, Yu-Chiang Frank},
  title = {Learning Cross-Domain Disentangled Deep Representation with Supervision from A Single Domain},
  journal = {arxiv:1705.01314},
  year = {2017}
}

@Article{Fukumizu2013,
  author       = {Fukumizu, Kenji and Song, Le and Gretton, Arthur},
  title        = {Kernel {B}ayes' Rule: {B}ayesian Inference with Positive Definite Kernels},
  journal      = jmlr,
  year         = {2013},
}

@Manual{Gauthier2014,
author    = {Gauthier, Jon},
title = {Conditional generative adversarial nets for convolutional face generation},
year = {2015},
}

@Book{Gelman1995,
  author = {Gelman, Andrew and Carlin, John and Stern, Hal and Rubin, Donald},
  title = {{B}ayesian Data Analysis},
  publisher = {Chapman and Hall},
  year = {1995}
}

@Article{Gelman1998,
  author = {Gelman, Andrew and Meng, Xiao-Li},
  journal = {Statistical Science},
  month = {05},
  number = {2},
  pages = {163--185},
  publisher = {The Institute of Mathematical Statistics},
  title = {Simulating normalizing constants: from importance sampling to bridge sampling to path sampling},
  volume = {13},
  year = {1998}
}

@Article{Gneiting2007,
  author    = {Gneiting, Tilmann and Raftery, Adrian E.},
  title     = {Strictly Proper Scoring Rules, Prediction, and Estimation},
  journal   = {Journal of the American Statistical Association},
  volume = {102},
  pages = {359--378},
  year      = {2007},
}

@Article{Gneiting2008,
 author     = {Gneiting, Tilmann and Stanberry, Larissa I. and Grimit, Eric P. and Held, Leonhard and Johnson, Nicholas A.},
 title      = {Assessing probabilistic forecasts of multivariate quantities, with an application to ensemble predictions of surface winds},
 journal    = {TEST},
 year       = {2008},
}

@Article{Goel2017,
  author       = {Goel, Surbhi and Kanade, Varun and Klivans, Adam and Thaler, Justin},
  title        = {Reliably Learning the {ReLU} in Polynomial Time},
  journal      = colt,
  year         = {2017},
}

@Article{Golinski2018uai,
	title={{A}mortized {M}onte {C}arlo {I}ntegration},
	author={Goli{\'n}ski, Adam and Teh, Yee Whye and Wood, Frank and Rainforth, Tom},
	journal={UAI 2018 Workshop on Uncertainty in Deep Learning},
	year={2018}
}

@Article{Golinski2019amci,
	title={{A}mortized {M}onte {C}arlo {I}ntegration},
	author={Goli{\'n}ski, Adam and Wood, Frank and Rainforth, Tom},
	journal=icml,
	year={2019}
}

@Article{Golinski2019orthogonal,
    title={Improving Normalizing Flows via Better Orthogonal Parameterizations},
    author={Goli{\'n}ski, Adam and Lezcano-Casado, Mario and Rainforth, Tom},
    year={2019},
    journal=icmlinnf,
}

@Article{Golinski2020feedback,
    title={Feedback Recurrent Autoencoder for Video Compression},
    author={Adam Goli{\'n}ski and Reza Pourreza and Yang Yang and Guillaume Sauti{\'e}re and Taco S Cohen},
    year={2020},
    journal={arXiv:2004.04342},
}

@Misc{Goodman2014,
  title = {The Design and Implementation of Probabilistic Programming Languages},
  author = {Goodman, Noah D and Stuhlm\"{u}ller, Andreas},
  year = {2014},
  howpublished = {\url{http://dippl.org}},
  note = {Accessed: 2018-8-28}
}

@Article{Gower1971,
  author       = {Gower, J. C.},
  title        = {A general coefficient of similarity and some of its properties},
  journal      = {Biometrics},
  volume = {27},
  number = {4},
  month = dec,
  pages = {857--871},
  year         = {1971}
}

@Article{Goodfellow2014,
  author    = {Goodfellow, Ian J. and Pouget-Abadie, Jean and Mirza, Mehdi and Xu, Bing and Warde-Farley, David and Ozair, Sherjil and Courville, Aaron and Bengio, Yoshua},
  title     = {Generative Adversarial Nets},
  journal   = neurips,
  year      = {2014},
}

@Book{Goodfellow2016,
  author    = {Goodfellow, Ian J. and Bengio, Yoshua and Courville, Aaron},
  title     = {Deep Learning},
  year      = {2016},
  publisher = {MIT Press},
}

@Article{Goodfellow2016a,
  author    = {Goodfellow, Ian J.},
  title     = {{NeurIPS} 2016 Tutorial: Generative Adversarial Networks},
  journal   = {arxiv:1701.00160},
  year      = {2016},
}

@article{Grathwohl2019ffjord,
  title     = {{FFJORD:} Free-form Continuous Dynamics for Scalable Reversible Generative Models},
  author    = {Grathwohl, Will and Chen, Ricky T. Q. and Bettencourt, Jesse and Sutskever, Ilya and Duvenaud, David},
  journal   = iclr,
  year      = {2019},
}

@Article{Gregor2015,
  author    = {Gregor, Karol and Danihelka, Ivo and Graves, Alex and Wierstra, Daan},
  title     = {{DRAW:} {A} Recurrent Neural Network For Image Generation},
  journal   = jmlr,
  year      = {2015},
}

@Article{Gretton2007,
  author       = {Gretton, Arthur and Borgwardt, Karsten M. and Rasch, Malte J. and Sch{\"o}lkopf, Bernhard and Smola Alexander},
  title        = {A kernel method for the two-sample problem},
  journal      = neurips,
  year         = {2007},
}

@Article{Gretton2012,
  author       = {Gretton, Arthur and Borgwardt, Karsten M. and Rasch, Malte J. and Sch{\"o}lkopf, Bernhard and Smola Alexander},
  title        = {A kernel two-sample test},
  journal      = {JMLR},
  year         = {2012},
}

@Article{Griffiths2005,
    author      = {Griffiths, Thomas L. and Ghahramani, Zoubin},
    title       = {Infinite latent feature models and the {I}ndian buffet process},
    journal     = neurips,
    year        = {2005},
}

@Article{Gronau2017,
  title={A tutorial on bridge sampling},
  author={Gronau, Quentin F and Sarafoglou, Alexandra and Matzke, Dora and Ly, Alexander and Boehm, Udo and Marsman, Maarten and Leslie, David S and Forster, Jonathan J and Wagenmakers, Eric-Jan and Steingroever, Helen},
  journal={Journal of mathematical psychology},
  volume={81},
  pages={80--97},
  year={2017},
  publisher={Elsevier}
}

@Article{Grosse2016,
  title   = {A kronecker-factored approximate fisher matrix for convolution layers},
  author  = {Grosse, Roger and Martens, James},
  journal = icml,
  year    = {2016}
}

@Article{Gulcehre2016,
  title         = {Mollifying networks},
  author        = {Gulcehre, Caglar and Moczulski, Marcin and Visin, Francesco and Bengio, Yoshua},
  journal       = iclr,
  year          = {2017}
}

@Article{Gulrajani2017,
  author       = {Gulrajani, Ishaan and Kumar, Kundan and Ahmed, Faruk and Taiga, Adrien A. and Visin, Francesco and V{\'{a}}zquez, David and Courville, Aaron C.},
  title        = {Pixel{VAE}: A Latent Variable Model for Natural Images},
  journal      = iclr,
  year         = {2017},
}

@Article{Guo2016,
  author       = {Guo, Yandong and Zhang, Lei and Hu, Yuxiao and He, Xiaodong and Gao, Jianfeng},
  title        = {M{S}-{C}eleb-1{M}: A Dataset and Benchmark for Large Scale Face Recognition},
  journal      = eccv,
  year         = {2016},
}

@Article{Hardt2016,
  title        = {Train faster, generalize better: Stability of stochastic gradient descent},
  author       = {Hardt, Moritz and Recht, Benjamin and Singer, Yoram},
  journal      = icml,
  year         = {2016}
}

@Article{Hazan2010,
  author       = {Hazan, Tamir and Keshet, Joseph and David A. McAllester},
  title        = {Direct Loss Minimization for Structured Prediction},
  journal      = neurips,
  year         = {2010},
}

@Article{He2016,
  author       = {He, Kaiming and Zhang, Xiangyu and Ren, Shaoqing and Sun, Jian},
  title        = {Deep Residual Learning for Image Recognition},
  journal      = cvpr,
  year         = {2016},
}

@Article{Heinemann2016,
  author       = {Heinemann, Uri and Livni, Roi and Eban, Elad and Elidan, Gal and Globerson, Amir},
  title        = {Improper Deep Kernels},
  journal      = aistats,
  year         = {2016},
}

@Phdthesis{Hesterberg1988,
  author =        {Hesterberg, Timothy Classen},
  school =        {Stanford University},
  title =         {Advances in importance sampling},
  year =          {1988},
}

@Article{Higgins2017,
  title         = {beta-{VAE}: Learning Basic Visual Concepts with a Constrained Variational Framework},
  author        = {Higgins, Irina and Matthey, Loic and Pal, Arka and Burgess, Christopher and Glorot, Xavier and Botvinick, Matthew and Mohamed, Shakir and Lerchner, Alexander},
  journal       = iclr,
  year          = {2017},
}

@Article{Hinton2006,
  author       = {Hinton, Geoffrey E. and Osindero, Simon and Teh, Yee-Whye},
  title        = {A fast learning algorithm for deep belief nets},
  journal      = {Neural computation},
  year         = {2006},
}

@Article{Ho2019local,
    title   = {Compression with Flows via Local Bits-Back Coding},
    author  = {Jonathan Ho and Evan Lohn and Pieter Abbeel},
    year    = {2019},
    journal = neurips,
}

@Article{Hochreiter2005,
  author       = {Hochreiter, Sepp and Obermayer, Klaus},
  title        = {Optimal gradient-based learning using importance weights},
  journal      = ijcnn,
  year         = {2005},
}

@Article{Hoffman2013,
  author        = {Hoffman, Matthew D. and Blei, David M. and Wang, Chong and Paisley, John},
  title         = {Stochastic Variational Inference},
  journal       = jmlr,
  year          = {2013},
}

@Article{Hoffer2017,
  title         = {Train longer, generalize better: closing the generalization gap in large batch training of neural networks},
  author        = {Hoffer, Elad and Hubara, Itay and Soudry, Daniel},
  journal       = neurips,
  year          = {2017}
}

@Article{Hoogeboom2019emerging,
  title         = {Emerging Convolutions for Generative Normalizing Flows},
  author        = {Hoogeboom, Emiel and van den Berg, Rianne and Welling, Max},
  journal       = {arXiv:1901.11137v2},
  year          = {2019}
}

@Article{Horst1999,
  author       = {Horst, Reiner and Thoai, Nguyen V.},
  title        = {{DC} programming: overview},
  journal      = {Journal of Optimization Theory and Applications},
  year         = {1999},
}

@Book{Horst2000,
  author       = {Horst, Reiner and Pardalos, Panos M. and Nguyen V.},
  title        = {Introduction to Global Optimization},
  year         = {2000},
  publisher    = {Springer},
}

@Article{Huang2017,
  title        = {Safety verification of deep neural networks},
  author       = {Huang, Xiaowei and Kwiatkowska, Marta and Wang, Sen and Wu, Min},
  journal      = {International Conference on Computer Aided Verification},
  year         = {2017},
}

@Article{Huang2017a,
  title        = {Densely connected convolutional networks},
  author       = {Huang, Gao and Liu, Zhuang and Weinberger, Kilian Q and van der Maaten, Laurens},
  journal      = cvpr,
  year         = {2017}
}

@Article{Huang2018,
  title        = {Neural Autoregressive Flows},
  author       = {Huang, Chin-Wei and Krueger, David and Lacoste, Alexandre and Courville, Aaron},
  journal      = icml,
  year         = {2018},
}

@Manual{Huszar2013,
  author       = {Husz{\'a}r, Ferenc},
  title        = {Scoring rules, divergences and information in {B}ayesian machine learning, PhD Thesis},
  year         = {2013}
}

@Article{Ioffe2015,
  author       = {Ioffe, Sergey and Szegedy, Christian},
  title        = {Batch normalization: Accelerating deep network training by reducing internal covariate shift},
  journal      = icml,
  year         = {2015},
}

@Article{Isola2017,
  author       = {Isola, Phillip and Zhu, Jun-Yan and Zhou, Tinghui and Efros, Alexei A},
  title        = {Image-to-Image Translation with Conditional Adversarial Networks},
  journal      = cvpr,
  year         = {2017},
}

@article{Itoh1998dimension,
  title={The dimension of a cut locus on a smooth Riemannian manifold},
  author={Itoh, Jin-ichi and Tanaka, Minoru},
  journal={Tohoku Mathematical Journal, Second Series},
  volume={50},
  number={4},
  pages={571--575},
  year={1998},
  publisher={Mathematical Institute, Tohoku University}
}

@Article{Jaccard1901,
  author       = {Paul Jaccard},
  title        = {Distribution de la flore alpine dans le {B}assin des {D}ranses et dans quelques rÃ©gions voisines},
  journal      = {Bulletin de la Soci{\'e}t{\'e} Vaudoise des Sciences Naturelles},
  volume       = {37},
  year         = {1901},
  pages        = {241-272},
}

@Article{Jang2017,
  author       = {Jang, Eric and Gu, Shixiang and Poole, Ben},
  title        = {Categorical Reparameterization with {G}umbel-{S}oftmax},
  journal      = iclr,
  year         = {2017},
}

@Article{Janocha2017,
  author       = {Janocha, Katarzyna and Czarnecki, Wojciech Marian},
  title        = {On Loss Functions for Deep Neural Networks in Classification},
  journal      = {arXiv preprint arXiv:1702.05659},
  year         = {2017},
}

@Article{Jiang2016,
  title        = {Accurate, validated and fast evaluation of elementary symmetric functions and its application},
  author       = {Jiang, Hao and Graillat, Stef and Barrio, Roberto and Yang, Canqun},
  journal      = {Applied Mathematics and Computation},
  year         = {2016},
}

@Article{Joachims2009,
  author       = {Joachims, Thorsten and Finley, Thomas and Yu, Chun-Nam John},
  title        = {Cutting-plane training of structural {SVMs}},
  journal      = jmlr,
  year         = {2009},
}

@Book{Johnson1997,
  author       = {Johnson, Norman L. and Kotz, Samuel and Balakrishnan, N.},
  title        = {Discrete Multivariate Distributions},
  publisher    = {John Wiley \& Sons, Ltd},
  year         = {1997},
}

@Article{Johnson2016,
  author      = {Johnson, Matthew J. and Duvenaud, David and Wiltschko, Alexander B. and Datta, Sandeep R. and Adams, Ryan P.},
  title       = {Composing graphical models with neural networks for structured representations and fast inference},
  journal     = neurips,
  year        = {2016},
}

@Article{Karaletsos2016,
  author      = {Karaletsos, Theofanis and Belongie, Serge and R{\"a}tsch, Gunnar},
  title       = {{B}ayesian representation learning with oracle constraints},
  journal     = iclr,
  year        = {2016},
}

@Article{Kemp2006,
  title        = {Learning Systems of Concepts with an Infinite Relational Model},
  author       = {Kemp, Charles and Tenenbaum, Joshua B. and Griffiths, Thomas L. and Yamada, Takeshi and Ueda, Naonori},
  journal      = {AAAI},
  year         = {2006},
}

@Article{Keskar2017,
  title        = {On large-batch training for deep learning: Generalization gap and sharp minima},
  author       = {Keskar, Nitish Shirish and Mudigere, Dheevatsa and Nocedal, Jorge and Smelyanskiy, Mikhail and Tang, Ping Tak Peter},
  journal      = iclr,
  year         = {2017}
}

@Article{Kim2017,
  author      = {Kim, Taeksoo and Cha, Moonsu and Kim, Hyunsoo and Lee, Jung Kwon and Kim, Jiwon},
  title       = {Learning to Discover Cross-Domain Relations with Generative Adversarial Networks},
  journal     = {ICML},
  year        = {2017},
}

@Article{Kingma2014,
  author       = {Kingma, Diederik P. and Welling, Max},
  title        = {Auto-Encoding Variational {B}ayes},
  journal      = iclr,
  year         = {2014},
}

@Article{Kingma2014a,
  author    = {Kingma, Diederik P. and Rezende, Danilo Jimenez and Mohamed, Shakir and Welling, Max},
  title     = {Semi-Supervised Learning with Deep Generative Models},
  journal   = neurips,
  year      = {2014},
}

@Article{Kingma2015,
  author       = {Kingma, Diederik P. and Ba, Jimmy},
  title        = {Adam: A method for stochastic optimization},
  journal      = iclr,
  year         = {2015},
}

@Article{Kingma2016iaf,
  author       = {Kingma, Diederik P. and Salimans, Tim and Welling, Max},
  title        = {Improving Variational Inference with Inverse Autoregressive Flow},
  journal      = neurips,
  year         = {2016},
}

@Article{Kingma2018glow,
  author       = {Kingma, Durk P and Dhariwal, Prafulla},
  title        = {Glow: Generative Flow with Invertible 1x1 Convolutions},
  journal      = neurips,
  year         = {2018},
}

@Book{Khoshnevisan2007,
  author       = {Khoshnevisan, Davar},
  title        = {Probability},
  publisher    = {American Mathematical Society},
  year         = {2007},
}

@Article{Kovarik1970some,
  title={Some iterative methods for improving orthonormality},
  author={Kovarik, Zdislav},
  journal={SIAM Journal on Numerical Analysis},
  volume={7},
  number={3},
  pages={386--389},
  year={1970},
  publisher={SIAM}
}

@Article{Krizhevsky2009,
  author      = {Krizhevsky, Alex},
  title       = {Learning multiple layers of features from tiny images},
  year        = {2009},
  journal     = {Technical Report},
}

@Article{Krizhevsky2012,
  title       = {Imagenet classification with deep convolutional neural networks},
  author      = {Krizhevsky, Alex and Sutskever, Ilya and Hinton, Geoffrey E},
  journal     = neurips,
  year        = {2012}
}

@Article{Kulkarni2015,
  title       = {Deep Convolutional Inverse Graphics Network},
  author      = {Kulkarni, Tejas D and Whitney, Will and Kohli, Pushmeet and Tenenbaum, Joshua B},
  journal     = neurips,
  year        = {2015},
}

@Article{Kumar2011,
  author      = {Kumar, M. Pawan and Turki, Haithem and Preston, Dan and Koller, Daphne},
  title       = {Learning Specific-Class Segmentation from Diverse Data},
  journal     = iccv,
  year        = {2011},
}

@Article{Kumar2012,
  author         = {Kumar, M. Pawan and Packer, Ben and Koller, Daphne},
  title          = {Modeling Latent Variable Uncertainty for Loss-based Learning},
  journal        = icml,
  year           = {2012},
}

@Article{Kusner2016,
  author         = {Kusner, Matt J. and Hern{\'a}ndez-Lobato, JosÃ© Miguel},
  title          = {{GANS} for Sequences of Discrete Elements with the {G}umbel-softmax Distribution},
  journal        = {NeurIPS Workshop on Adversarial Training},
  year           = {2016},
}

@Article{Lacoste-Julien2011,
  author         = {Lacoste-Julien, Simon and Husz{\'a}r, Ferenc and Ghahramani, Zoubin},
  title          = {Approximate inference for the loss-calibrated {B}ayesian},
  journal        = aistats,
  year           = {2011},
}

@Article{Lacoste-Julien2013,
  author       = {Lacoste-Julien, Simon and Jaggi, Martin and Schmidt, Mark and Pletscher, Patrick},
  title        = {Block-Coordinate {F}rank-{W}olfe Optimization for Structural {SVMs}},
  journal      = icml,
  year         = {2013},
}

@Article{Lamberti2018,
	title        = {A double proposal normalized importance sampling estimator},
	author       = {Lamberti, Roland and Petetin, Yohan and Septier, Fran{\c{c}}ois and Desbouvries, Fran{\c{c}}ois},
	journal      = {2018 IEEE Statistical Signal Processing Workshop (SSP)},
	pages        = {238--242},
	year         = {2018},
	organization = {IEEE}
}

@Article{Lapin2015,
  author       = {Lapin, Maksim and Hein, Matthias and Schiele, Bernt},
  title        = {Top-k multiclass {SVM}},
  journal      = neurips,
  year         = {2015},
}

@Article{Lapin2016,
  author       = {Lapin, Maksim and Hein, Matthias and Schiele, Bernt},
  title        = {Loss functions for top-k error: Analysis and insights},
  journal      = cvpr,
  year         = {2016},
}

@Article{Lapin2017,
  author       = {Lapin, Maksim and Hein, Matthias and Schiele, Bernt},
  title        = {Analysis and Optimization of Loss Functions for Multiclass, Top-k, and Multilabel Classification},
  journal      = {IEEE Transactions on Pattern Analysis and Machine Intelligence},
  year         = {2017},
}

@Manual{Larsen2015,
  author       = {Larsen, Anders B. L. and S{\o}nderby,SÃ¸ren Kaae},
  title        = {Generating Faces with Torch},
  url          = {http://torch.ch/blog/2015/11/13/gan.html},
  year         = {2015},
}

@Book{Leadbetter2014,
  author       = {Leadbetter, Ross and Cambanis, Stamatis and Pipiras, Vladas},
  title        = {A Basic Course in Measure and Probability},
  publisher    = {Cambridge University Press},
  year         = {2014},
}

@Article{Le2016,
  author =        {Le, Tuan Anh and Baydin, At{\i}l{\i}m G{\"u}ne{\c s} and Wood, Frank},
  journal =       aistats,
  title =         {Inference Compilation and Universal Probabilistic Programming},
  year =          {2017},
}

@Article{Le2017,
  author =        {Le, Tuan Anh and Igl, Maximilian and Jin, Tom and Rainforth, Tom and Wood, Frank},
  journal =       iclr,
  title =         {Auto-Encoding Sequential {M}onte {C}arlo},
  year =          {2018},
}

@Article{Le2018,
	title        = {Revisiting Reweighted Wake-Sleep},
	author       = {Le, Tuan Anh and Kosiorek, Adam R and Siddharth, N and Teh, Yee Whye and Wood, Frank},
	journal      = {arXiv:1805.10469},
	year         = {2018}
}

@Article{LeCun1998,
  author       = {LeCun, Yann and Bottou, L{\'e}on and Bengio, Yoshua and Haffner, Patrick},
  title        = {Gradient-based learning applied to document recognition},
  journal      = {IEEE},
  volume = {86},
  number = {11},
  pages = {2278â€“-2324},
  year         = {1998},
}

@Article{Lee2001,
  author       = {Lee, Yuh-Jye and Mangasarian, Olvi L},
  title        = {{SSVM}: A smooth support vector machine for classification},
  journal      = {Computational optimization and Applications},
  year         = {2001},
}

@Article{Lee2015,
  author       = {Lee, Dong-Hyun and Zhang, Saizheng and Fischer, Asja and Bengio, Yoshua},
  title        = {Difference target propagation},
  journal      = {Joint European Conference on Machine Learning and Knowledge Discovery in Databases},
  year         = {2015},
}

@Article{Lehrmann2014,
  title       = {Efficient Nonlinear {Markov} Models for Human Motion},
  author      = {Lehrmann, Andreas M and Gehler, Peter V and Nowozin, Sebastian},
  journal     = cvpr,
  year        ={2014},
}

@Article{Lewis2016,
  title   = {A proximal method for composite minimization},
  author  = {Lewis, Adrian S and Wright, Stephen J},
  journal = {Mathematical Programming},
  year    = {2016},
}

@Article{Lezcano2019exprnn,
  author         = {Lezcano-Casado, Mario and David Mart{\'i}nez-Rubio},
  title          = {Cheap Orthogonal Constraints in Neural Networks: A Simple Parametrization of the Orthogonal and Unitary Group},
  journal        = icml,
  year           = {2019},
}

@Article{Li2015,
  author       = {Li, Yujia and Swersky, Kevin and Zemel, Richard},
  title        = {Generative Moment Matching Networks},
  journal      = icml,
  year         = {2015},
}

@Article{Li2017,
  author      = {Li,Chun-Liang and Chang, Wei-Cheng and Cheng, Yu and Yang, Yiming and Barnab{\'{a}}s P{\'{o}}czos},
  title       = {{MMD GAN}: Towards Deeper Understanding of Moment Matching Network},
  journal     = {arxiv:1705.08584},
  year        = {2017},
}

@Article{li2017a,
  title       = {Improving Pairwise Ranking for Multi-label Image Classification},
  author      = {Li, Yuncheng and Song, Yale and Luo, Jiebo},
  journal     = cvpr,
  year        = {2017}
}

@Article{Liu2017,
  author    = {Liu, Ming{-}Yu and Breuel, Thomas and Kautz, Jan},
  title     = {Unsupervised Image-to-Image Translation Networks},
  journal   = {arxiv:1703.00848},
  year      = {2017},
}

@Article{Linsker1998,
 author       = {Linsker, Ralph},
 title        = {Self-Organization in a Perceptual Network},
 journal      = {Computer},
 volume = {21},
 number = {3},
 month = mar,
 year = {1988},
 pages = {105--117},
}

@Article{lomuscio2017,
  title={An approach to reachability analysis for feed-forward ReLU neural networks},
  author={Lomuscio, Alessio and Maganti, Lalit},
  journal={arXiv:1706.07351},
  year={2017}
}

@Article{London2016,
  author      = {London, Ben and Schwing, Alexander G.},
  title       = {Generative Adversarial Structured Networks},
  journal     = {NeurIPS Workshop on Adversarial Training},
  year        = {2016},
}

@Manual{Lopez-Paz2016,
  author    = {Lopez-Paz, David and Radford, Alec and Bottou, Leon},
  title     = {{NeurIPS} {W}orkshop on adversarial training},
  year      = {2016},
  url       = {https://sites.google.com/site/nips2016adversarial/},
}

@Article{Loshchilov2017,
  title   = {{SGDR}: Stochastic gradient descent with warm restarts},
  author  = {Loshchilov, Ilya and Hutter, Frank},
  journal = iclr,
  year    = {2017},
}

@Article{Louizos2016,
  author    = {Louizos, Christos and Swersky, Kevin and Li, Yujia and Welling, Max and Zemel, Richard},
  title     = {The Variational Fair Autoencoder},
  journal   = iclr,
  year      = {2016}
}

@Article{Maddison2017,
  author  = {Maddison, Chris J. and Mnih, Andriy and Whye Teh, Yee},
  title   = {The Concrete Distribution: A Continuous Relaxation of Discrete Random Variables},
  journal = iclr,
  year    = {2017},
}

@Article{Maddison2017a,
  author =        {Maddison, Chris J and Lawson, John and Tucker, George and
                   Heess, Nicolas and Norouzi, Mohammad and Mnih, Andriy and
                   Doucet, Arnaud and Teh, Yee},
  journal =       neurips,
  title =         {Filtering Variational Objectives},
  year =          {2017},
}

@Book{MacKay2002,
  author       = {MacKay, David J. C.},
  title        = {Information Theory, Inference \& Learning Algorithms},
  publisher    = {Cambridge University Press},
  year         = {2002},
}

@Article{Maji2011,
  author       = {Maji, Subhransu and Bourdev, Lubomir D. and Malik, Jitendra},
  title        = {Action recognition from a distributed representation of pose and appearance},
  journal      = cvpr,
  year         = {2011},
}

@Article{Makhzani2015,
  author    = {Makhzani, Alireza and Shlens, Jonathon and Jaitly, Navdeep and Goodfellow, Ian J. and Frey, Brendan},
  title     = {Adversarial Autoencoders},
  journal   = {ICLR Workshop},
  year      = {2015},
}

@Article{Mathieu2016,
title = {Disentangling factors of variation in deep representation using adversarial training},
author = {Mathieu, Michael F and Zhao, Junbo Jake and Zhao, Junbo and Ramesh, Aditya and Sprechmann, Pablo and LeCun, Yann},
journal = neurips,
year = {2016}
}

@Article{Mathieu2019,
title = {Disentangling Disentanglement in Variational Auto-Encoders},
author = {Mathieu, Emile and Rainforth, Tom and Siddharth, N. and Teh, Yee Whye},
journal = icml,
year = {2019}
}

@Article{Marino2018iterative,
    title   = {Iterative Amortized Inference},
    author  = {Joseph Marino and Yisong Yue and Stephan Mandt},
    year    = {2018},
    journal = icml,
}

@Article{Martens2012,
  author       = {Martens, James and Sutskever, Ilya},
  title        = {Training Deep and Recurrent Networks with {H}essian-Free Optimization},
  journal      = {Neural Networks: Tricks of the Trade},
  year         = {2012},
}

@Article{Martens2015,
  author       = {Martens, James and Grosse, Roger},
  title        = {Optimizing neural networks with {Kronecker}-factored approximate curvature},
  journal      = icml,
  year         = {2015},
}

@Article{Martens2018,
  title   = {Kronecker-factored Curvature Approximations for Recurrent Neural Networks},
  author  = {James Martens and Jimmy Ba and Matt Johnson},
  journal = iclr,
  year    = {2018},
}

@Book{Mathai1975,
  author       = {Mathai, Arak M. and Rathie, P. N.},
  title        = {Basic Concepts in Information Theory and Statistics: Axiomatic Foundations and Applications},
  publisher    = {John Wiley \& Sons, Ltd},
  year         = {1975},
}

@Article{McCormick1976,
  title={Computability of global solutions to factorable nonconvex programs: Part Iâ€”Convex underestimating problems},
  author={McCormick, Garth P},
  journal={Mathematical programming},
  year={1976},
}

@InCollection{Melzer1986,
  author    = {Melzer, D.},
  title     = {On the expressibility of piecewise-linear continuous functions as the difference of two piecewise-linear convex functions},
  booktitle = {Quasidifferential Calculus},
  year      = {1986},
  publisher = {Springer},
}

@Article{Meng1996,
 author = {Xiao-Li Meng and Wing Hung Wong},
 journal = {Statistica Sinica},
 pages = {831--860},
 publisher = {Institute of Statistical Science, Academia Sinica},
 title = {Simulating ratios of normalizing constants via a simple identity: A theoretical exploration},
 volume = {6},
 year = {1996}
}

@Article{Mescheder2017,
  author    = {Mescheder, Lars M. and Nowozin, Sebastian and Geiger, Andreas},
  title     = {Adversarial Variational {B}ayes: Unifying Variational Autoencoders and
               Generative Adversarial Networks},
  journal   = icml,
  year      = {2017},
}

@Article{Miller2009,
  author   = {Miller, Kurt T. and Griffiths, Thomas L. and Jordan, Michael I.},
  title    = {Nonparametric Latent Feature Models for Link Prediction},
  journal  = neurips,
  year     = {2009},
}

@Article{Miller2012,
  author    = {Kevin Miller and M. Pawan Kumar and Benjamin Packer and Danny Goodman and Daphne Koller},
  title     = {Max-Margin Min-Entropy Models},
  journal   = aistats,
  year      = {2012},
}

@Article{Mirza2014,
  author       = {Mirza, Mehdi and Osindero, Simon},
  title        = {Conditional generative adversarial nets},
  journal      = {NeurIPS Deep Learning Workshop},
  year         = {2014},
}

@Article{Mohapatra2016,
  author       = {Mohapatra, Pritish and Dokania, Puneet and Jawahar, C. V. and Kumar, M. Pawan},
  title        = {Partial Linearization Based Optimization for Multi-class {SVM}},
  journal      = eccv,
  year         = {2016},
}

@Article{Montufar2014,
  title={On the number of linear regions of deep neural networks},
  author={Montufar, Guido F and Pascanu, Razvan and Cho, Kyunghyun and Bengio, Yoshua},
  journal=neurips,
  year={2014}
}

@Article{Muandet16,
  author    = {Muandet, Krikamol and Fukumizu, Kenji and Sriperumbudur, Bharath K. and Sch{\"{o}}lkopf, Bernhard},
  title     = {Kernel Mean Embedding of Distributions: {A} Review and Beyonds},
  journal   = {Foundations and Trends in Machine Learning},
  volume = {10},
  number = {1--2},
  pages = {1--141},
  year      = {2016},
}

@Article{Murali2017,
  author    = {Murali, Vijayaraghavan and Chaudhuri, Swarat and Jermaine, Chris},
  title     = {{B}ayesian Sketch Learning for Program Synthesis},
  journal   = {arxiv:1703.05698v2},
  year      = {2017},
}

@Manual{Murphy2007,
    author     = {Murphy, Kevin P.},
    title      = {Conjugate {B}ayesian {A}nalysis of the {G}aussian {D}istribution},
    year = {2007}
}

@Article{Musio2016,
  author       = {Musio, Monica and Dawid, Alexander Philip},
  title        = {R{\'e}nyi's Scoring Rules},
  journal      = {48th Scientific Meeting of the Italian Statistical Society},
  year         = {2016},
}

@Article{Naesseth2017,
  author =        {Naesseth, Christian A and Linderman, Scott W and
                   Ranganath, Rajesh and Blei, David M},
  journal =       aistats,
  title =         {Variational Sequential {M}onte {C}arlo},
  year =          {2018},
}

@Article{Nalisnick2019hybrid,
  author =        {Nalisnick, Eric and Matsukawa, Akihiro and Teh, Yee Whye and Gorur, Dilan and Lakshminarayanan, Balaji},
  journal =       icml,
  title =         {Hybrid Models with Deep and Invertible Features},
  year =          {2019},
}

@Book{Neal1998,
  author       = {Radford Neal and Geoffrey E. Hinton},
  title        = {A View Of The {EM} Algorithm That Justifies Incremental, Sparse, And Other Variants},
  booktitle    = {Learning in Graphical Models},
  year         = {1998},
  pages = {355--368},
  publisher    = {Kluwer Academic Publishers},
}

@Article{Nesterov1983,
  title   = {A method of solving a convex programming problem with convergence rate $\mathcal{O}(1/k^2)$},
  author  = {Nesterov, Yurii},
  journal = {Soviet Mathematics Doklady},
  year    = {1983}
}

@Article{Nesterov2013,
  title   = {Gradient methods for minimizing composite objective function},
  author  = {Nesterov, Yurii},
  journal = {Mathematical Programming},
  year    = {2013}
}

@Article{Neyshabur2015,
  title     = {Path-sgd: Path-normalized optimization in deep neural networks},
  author    = {Neyshabur, Behnam and Salakhutdinov, Ruslan R and Srebro, Nati},
  journal   = neurips,
  year      = {2015}
}

@Article{Neyshabur2016,
  title     = {Path-normalized optimization of recurrent neural networks with relu activations},
  author    = {Neyshabur, Behnam and Wu, Yuhuai and Salakhutdinov, Ruslan R and Srebro, Nati},
  journal   = neurips,
  year      = {2016}
}

@Article{Neyshabur2017,
  title     = {Exploring generalization in deep learning},
  author    = {Neyshabur, Behnam and Bhojanapalli, Srinadh and McAllester, David and Srebro, Nati},
  journal   = neurips,
  year      = {2017}
}

@Article{Nielsen2020survae,
    title={{SurVAE} Flows: Surjections to Bridge the Gap between {VAEs} and Flows},
    author={Didrik Nielsen and Priyank Jaini and Emiel Hoogeboom and Ole Winther and Max Welling},
    year={2020},
    journal={arXiv:2007.02731},
}

@Article{Nowozin2011,
  title       = {Structured Learning and Prediction in Computer  Vision},
  author      = {Nowozin, Sebastian and Lampert, Christoph H.},
  journal     = {Foundations and Trends in Computer Graphics and Vision},
  year        = {2011},
}

@Manual{Nowozin2012,
  title           = {Action Points: A Representation for Low-latency Online Human Action Recognition},
  author          = {Nowozin, Sebastian and Shotton, Jamie},
  month           = {July},
  number          = {MSR-TR-2012-68},
  institution     = {Microsoft Research Cambridge},
  year            = {2012},
}

@Article{Nowozin2014,
  author    = {Nowozin, Sebastian},
  title     = {Optimal Decisions from Probabilistic Models: The {I}ntersection-over-{U}nion Case},
  journal   = cvpr,
  year      = {2014},
}

@Article{Oberweger2015,
  author        = {Oberweger, Markus and Wohlhart, Paul and Lepetit, Vincent},
  title         = {Training a Feedback Loop for Hand Pose Estimation},
  journal       = iccv,
  year          = {2015},
}

@Article{Oberweger2015a,
  author        = {Oberweger, Markus and Wohlhart, Paul and Lepetit, Vincent},
  title         = {Hands Deep in Deep Learning for Hand Pose Estimation},
  journal       = {Computer Vision Winter Workshop},
  year          = {2015},
}

@Manual{Oberweger2015b,
  author        = {Oberweger, Markus},
  title         = {Deep{P}rior - Accurate and Fast 3D Hand Pose Estimation},
  url           = {https://github.com/moberweger/deep-prior},
  year          = {2015},
}

@Article{Oh1992,
  author =        {Oh, Man-Suk and Berger, James O},
  journal =       {Journal of Statistical Computation and Simulation},
  number =        {3-4},
  pages =         {143--168},
  publisher =     {Taylor \& Francis},
  title =         {Adaptive importance sampling in {M}onte {C}arlo
                   integration},
  volume =        {41},
  year =          {1992},
}

@Article{Ollivier2013,
  author       = {Ollivier, Yann},
  title        = {Riemannian metrics for neural networks},
  journal      = {Information and Inference: a Journal of the IMA},
  year         = {2013},
}

@Article{Oquab2014,
  author       = {Oquab, Maxime and Bottou, L{\'{e}}on and Laptev, Ivan and Sivic, Josef},
  title        = {Learning and transferring mid-level image representations using convolutional neural networks},
  journal      = cvpr,
  year         = {2014},
}

@Article{Oquab2015,
  author       = {Oquab, Maxime and Bottou, L{\'{e}}on and Laptev, Ivan and Sivic, Josef},
  title        = {Is object localization for free? â€“ Weakly-supervised learning with convolutional neural networks},
  journal      = cvpr,
  year         = {2015},
}

@Article{Osokin2016,
  author       = {Osokin, Anton and Alayrac, Jean-Baptiste and Lukasewitz, Isabella and Dokania, Puneet and Lacoste-Julien, Simon},
  title        = {Minding the Gaps for Block {F}rank-{W}olfe Optimization of Structured {SVM}s},
  journal      = icml,
  year         = {2016},
}

@Article{Osokin2017,
  author       = {Osokin, Anton and Bach, Francis and Lacoste-Julien,Simon},
  title        = {On Structured Prediction Theory with Calibrated Convex Surrogate Losses},
  journal      = {arxiv:1703.02403},
  year         = {2017},
}

@Book{Owen2013,
  author =        {Art B. Owen},
  title =         {{M}onte {C}arlo theory, methods and examples},
  year =          {2013},
}

@Article{Paige2016,
  author =        {Paige, Brooks and Wood, Frank},
  journal =       icml,
  title =         {Inference Networks for Sequential {M}onte {C}arlo in Graphical Models},
  year =          {2016},
}

@Article{Paisley2012,
  author       = {Paisley, John William and Blei, David M. and Jordan, Michael I.},
  title        = {Variational {B}ayesian Inference with Stochastic Search},
  journal      = icml,
  year         = {2012}
}

@Article{Papamakarios2017,
	title   = {Masked Autoregressive Flow for Density Estimation},
	author  = {Papamakarios, George and Pavlakou, Theo and Murray, Iain},
	journal = neurips,
	year    = {2017}
}

@Article{Parikh2014,
  author       = {Parikh, Neal and Boyd, Stephen},
  title        = {Proximal Algorithms},
  journal      = {Foundations and Trends in Optimization},
  year         = {2014},
}

@Book{Parmigiani2009,
  author       = {Parmigiani, Giovanni and Inoue, Lurdes},
  title        = {Decision Theory: Principles and Approaches},
  publisher    = {John Wiley \& Sons, Ltd},
  year         = {2009},
}

@Article{Paszke2017,
  title        = {Automatic differentiation in PyTorch},
  author       = {Paszke, Adam and Gross, Sam and Chintala, Soumith and Chanan, Gregory and Yang, Edward and DeVito, Zachary and Lin, Zeming and Desmaison, Alban and Antiga, Luca and Lerer, Adam},
  journal      = {NeurIPS Autodiff Workshop},
  year         = {2017}
}

@article{Patrini2016,
  title        = {Making neural networks robust to label noise: a loss correction approach},
  author       = {Patrini, Giorgio and Rozza, Alessandro and Menon, Aditya and Nock, Richard and Qu, Lizhen},
  journal      = cvpr,
  year         = {2017}
}

@Article{Pathak2015,
  author       = {Pathak, Deepak and Kr{\"a}henb{\"u}hl, Philipp and Darrell, Trevor},
  title        = {Constrained Convolutional Neural Networks for Weakly Supervised Segmentation},
  journal      = iccv,
  year         = {2015},
}

@Article{Ping2014,
  author       = {Ping, Wei and Liu, Qiang and Ihler, Alexander},
  title        = {Marginal Structured {SVM} with Hidden Variables},
  journal      = icml,
  year         = {2014},
}

@Manual{Pitman2002,
  author      = {Pitman, Jim},
  title       = {Combinatorial stochastic processes},
  organization = {Technical report, Department of Statistics, University of California at Berkeley},
  year        = {2002},
}

@Manual{Pinson2013,
  author    = {Pinson, Pierre and Tastu, Julija},
  title     = {Discrimination ability of the {E}nergy score},
  organization  = {Technical report, Technical University of Denmark},
  year      = {2013},
}

@Article{Platt1999,
  author       = {Platt, John C.},
  title        = {12 fast training of support vector machines using sequential minimal optimization},
  journal      = {Advances in kernel methods},
  year         = {1999},
}

@Article{Polyak1964,
  author={Polyak, Boris T.},
  title={Some Methods of Speeding Up the Convergence of Iteration Methods},
  journal= {USSR Computational Mathematics and Mathematical Physics},
  volume ={4},
  issue = {5},
  pages = {1--17},
  year ={1964},
}

@Article{Premachandran2014,
author       = {Premachandran, Vittal and Tarlow, Daniel and Batra, Dhruv},
title        = {Empirical Minimum {B}ayes Risk Prediction: How to extract an extra few{\%} performance
                from vision models with just three more parameters},
journal      = cvpr,
year         = {2014},
}

@Article{Radford2015,
  author    = {Radford, Alec and Metz, Luke and Chintala, Soumith},
  title     = {Unsupervised Representation Learning with Deep Convolutional Generative Adversarial Networks},
  year      = {2015},
  journal   = iclr,
}

@Article{Raghu2017,
  title={On the expressive power of deep neural networks},
  author={Raghu, Maithra and Poole, Ben and Kleinberg, Jon and Ganguli, Surya and Sohl-Dickstein, Jascha},
  journal=icml,
  year={2017}
}

@Article{Rahman2016,
  author     = {Rahman, Atiqur and Wang, Yang},
  title      = {Optimizing {I}ntersection-{O}ver-{U}nion in Deep Neural Networks for Image Segmentation},
  year       = {2016},
  journal    = {International Symposium on Visual Computing},
}

@Article{Rainforth2016,
  title = {Interacting Particle {M}arkov Chain {M}onte {C}arlo},
  author = {Rainforth, Tom and Naesseth, Christian A. and Lindsten, Fredrik and Paige, Brooks and van de Meent, Jan-Willem and Doucet, Arnaud and Wood, Frank},
  journal = icml,
  year = {2016}
}

@Phdthesis{Rainforth2017,
  title = {Automating inference, learning, and design using probabilistic programming},
  author = {Rainforth, Tom},
  institution = {University of Oxford},
  year = {2017}
}

@Article{Rainforth2018it,
	title = {Inference Trees: Adaptive Inference with Exploration},
	author = {Rainforth, Tom and Zhou, Yuan and Lu, Xiaoyu and Teh, Yee Whye and Wood, Frank and Yang, Hongseok and van de Meent, Jan-Willem},
	journal = {arXiv:1806.09550},
	year = {2018}
}

@Article{Rainforth2018nmc,
	title = {{On Nesting Monte Carlo Estimators}},
	author = {Rainforth, Tom and Cornish, Robert and Yang, Hongseok and Warrington, Andrew and Wood, Frank},
	journal = icml,
	year = {2018}
}

@Article{Rainforth2020tabi,
  author  = {Tom Rainforth and Adam Goli{\'n}ski and Frank Wood and Sheheryar Zaidi},
  title   = {{T}arget--{A}ware {B}ayesian {I}nference: {H}ow to Beat Optimal Conventional Estimators},
  journal = jmlr,
  year    = {2020},
  volume  = {21},
  number  = {88},
  pages   = {1-54},
}

@Article{Ralaivola2005,
  author    = {Ralaivola, Liva and Swamidass, Sanjay Joshua and Saigo, Hiroto and Baldi, Pierre},
  title     = {Graph kernels for chemical informatics},
  journal   = {Neural Networks},
  month = oct,
  volume = {18},
  issue = {8},
  pages = {1093--1110},
  year      = {2005}
}

@Article{Rao1982,
 author     = {Rao, C. Radhakrishna},
 title      = {Diversity and dissimilarity coefficients: A unified approach},
 journal    = {Theoretical Population Biology},
 year       = {1982},
}

@Article{Reddi2018,
  title     = {On the convergence of adam and beyond},
  author    = {Reddi, Sashank J and Kale, Satyen and Kumar, Sanjiv},
  journal   = iclr,
  year      = {2018}
}

@Article{Reed2016,
 author        = {Reed, Scott and Akata, Zeynep and Yan, Xinchen and Logeswaran, Lajanugen and Schiele, Bernt and Lee, Honglak},
 title         = {Generative Adversarial Text to Image Synthesis},
 journal       = icml,
 year          = {2016},
}

@Article{Ren2016,
  author       = {Ren, Yong and Li, Jialian and Luo, Yucen and Zhu, Jun},
  title        = {Conditional Generative Moment-Matching Networks},
  journal      = neurips,
  year         = {2016},
}

@Article{Rezende2014,
  author =        {Rezende, Danilo Jimenez and Mohamed, Shakir and Wierstra, Daan},
  journal =       icml,
  title =         {Stochastic Backpropagation and Approximate Inference in Deep Generative Models},
  year =          {2014},
}

@article{Rezende2015flows,
  title =   {Variational Inference with Normalizing Flows},
  author =  {Rezende, Danilo and Mohamed, Shakir},
  journal = icml,
  year =    {2015}
}

@article{Rezende2016,
  title =   {One-Shot Generalization in Deep Generative Models},
  author =  {Rezende, Danilo Jimenez and Mohamed, Shakir and Danihelka, Ivo and Gregor, Karol and Wierstra, Daan},
  journal = icml,
  year =    {2016}
}

@Article{Ritchie2016,
  author =        {Ritchie, Daniel and Horsfall, Paul and Goodman, Noah D},
  journal =       {arXiv:1610.05735},
  title =         {Deep Amortized Inference for Probabilistic Programs},
  year =          {2016},
}

@Book{Robert2007,
  author       = {Robert, Christian},
  publisher    = {Springer Science \& Business Media},
  title        = {The {B}ayesian choice: from decision-theoretic foundations to computational implementation},
  year         = {2007},
}

@book{Robert2013,
	title        = {{M}onte {C}arlo statistical methods},
	author       = {Robert, Christian and Casella, George},
	year         = {2013},
	publisher    = {Springer Science \& Business Media}
}

@Article{Rolfe2017,
author         = {Rolfe, Jason T.},
title          = {Discrete variational autoencoders},
journal        = iclr,
year           = {2017},
}

@Article{Roux2008,
  title   = {Topmoumoute online natural gradient algorithm},
  author  = {Roux, Nicolas L and Manzagol, Pierre-Antoine and Bengio, Yoshua},
  journal = neurips,
  year    = {2008}
}

@Article{Rumelhart1986,
  author       = {Rumelhart, David and Hinton, Geoffrey and Williams, Ronald},
  title        = {Learning representations by back-propagating errors},
  journal      = {Nature},
  year         = {1986},
}

@Article{Russakovsky2015,
  author       = {Russakovsky, Olga and Deng, Jia and Su, Hao and Krause, Jonathan and Satheesh, Sanjeev and Ma, Sean and Huang, Zhiheng and Karpathy, Andrej and Khosla, Aditya and Bernstein, Michael and Berg, Alexander C. and Fei-Fei, Li},
  title        = {{ImageNet Large Scale Visual Recognition Challenge}},
  journal      = ijcv,
  year         = {2015},
}

@Article{Sagastizabal2013,
  title   = {Composite proximal bundle method},
  author  = {Sagastiz{\'a}bal, Claudia},
  journal = {Mathematical Programming},
  year    = {2013},
}

@Article{Salojarvi2005,
  author      = {Saloj{\"a}rvi, Jarkko and Puolam{\"a}ki, Kai and Kaski, Samuel},
  title       = {Expectation maximization algorithms for conditional likelihoods},
  journal     = icml,
  year        = {2005},
}

@Article{Schaul2013,
  title   = {No more pesky learning rates},
  author  = {Schaul, Tom and Zhang, Sixin and LeCun, Yann},
  journal = icml,
  year    = {2013}
}

@Article{Schwing2012,
  author    = {Schwing, Alexander G. and Hazan, Tamir and Pollefeys, Marc and Urtasun, Raquel},
  title     = {Efficient Structured Prediction with Latent Variables for General Graphical Models},
  journal   = icml,
  year      = {2012},
}

@Book{Serfling1980,
  author      = {Serfling, Robert},
  title       = {Approximation theorems of mathematical statistics},
  publisher   = {John Wiley \& Sons, Ltd},
  year        = {1980},
}

@Article{Shah2015,
  author       = {Shah, Neel and Kolmogorov, Vladimir and Lampert, Christoph H.},
  title        = {A multi-plane block-coordinate {Frank-Wolfe} algorithm for training structural {SVMs} with a costly max-oracle},
  journal      = cvpr,
  year         = {2015},
}

@Article{Shalev-Shwartz2009,
  author       = {Shalev-Shwartz, Shai and Singer, Yoram and Srebro, Nathan},
  title        = {Pegasos: {P}rimal estimated sub-gradient solver for {SVM}},
  journal      = icml,
  year         = {2009},
}

@Article{Shawe1990,
  title        = {The linear programming algorithm for neural networks},
  author       = {Shawe-Taylor, John and Cohen, David},
  journal      = {Neural Networks},
  year         = {1990}
}

@Article{Shrivastava2016,
  author    = {Shrivastava, Ashish and Pfister, Tomas and Tuzel, Oncel and Susskind, Josh and Wang, Wenda and Webb, Russ},
  title     = {Learning from Simulated and Unsupervised Images through Adversarial Training},
  journal   = cvpr,
  year      = {2017},
}

@Article{Siddharth2017,
  author    = {Siddharth, N. and Paige, Brooks and and Van de Meent, Jan-Willem and Desmaison, Alban and Wood, Frank and Goodman,  Noah D. and Kohli, Pushmeet and Torr, Philip H.S.},
  title     = {Learning Disentangled Representations with Semi-Supervised Deep Generative Models},
  journal   = neurips,
  year      = {2017},
}


@Article{Simonyan2015,
  author       = {Simonyan, Karen and Zisserman, Andrew},
  title        = {Very Deep Convolutional Networks for Large-Scale Image Recognition},
  journal      = iclr,
  year         = {2015},
}

@Article{Singh2018,
  title         = {Faster Convergence \& Generalization in {DNN}s},
  author        = {Singh, Gaurav and Shawe-Taylor, John},
  journal       = arxiv,
  year          = {2018}
}

@Article{Smith2018,
  title        = {A {B}ayesian perspective on generalization and stochastic gradient descent},
  author       = {Smith, Samuel L and Le, Quoc V},
  journal      = iclr,
  year         = {2018}
}

@Article{Sohn2015,
  author       = {Sohn, Kihyuk and Lee, Honglak and Yan, Xinchen},
  title        = {Learning Structured Output Representation using Deep Conditional Generative Models},
  journal      = neurips,
  year         = {2015},
}

@Article{Song2016,
  title         = {Training Deep Neural Networks via Direct Loss Minimization},
  author        = {Song, Yang and Schwing, Alexander G. and Zemel, Richard and Urtasun, Raquel},
  journal       = icml,
  year          = {2016},
}

@Article{Springenberg2015,
  author        = {Springenberg, Jost T.},
  title         = {Unsupervised and Semi-supervised Learning with Categorical Generative Adversarial Networks},
  journal       = iclr,
  year          = {2016},
}

@Article{Sriperumbudur2008,
  title        = {Injective {H}ilbert Space Embeddings of Probability Measures},
  author       = {Sriperumbudur, Bharath K. and Gretton, Arthur and Fukumizu, Kenji and Lanckriet, Gert R. and Sch{\"o}lkopf, Bernhard},
  journal      = {COLT},
  year         = {2008},
}

@Article{Sriperumbudur2009,
  author       = {Sriperumbudur, Bharath K. and Lanckriet, Gert R.},
  title        = {On the convergence of concave-convex procedure},
  journal      = neurips,
  year         = {2009},
}

@Article{Srivastava2014,
  author       = {Srivastava, Nitish and Hinton, Geoffrey and Krizhevsky, Alex and Sutskever, Ilya and Salakhutdinov, Ruslan},
  title        = {Dropout: a simple way to prevent neural networks from overfitting.},
  journal      = jmlr,
  year         = {2014},
}

@Article{Stuhlmuller2013,
  author =        {Stuhlm{\"u}ller, Andreas and Taylor, Jacob and Goodman, Noah},
  journal =       neurips,
  title =         {Learning Stochastic Inverses},
  year =          {2013},
}

@Article{Sundberg1974,
  author       = {Sundberg Rolf},
  title        = {Maximum likelihood theory for incomplete data from an exponential family},
  journal      = {Scandinavian Journal of Statistics},
  volume = {1},
  number = {2},
  pages = {49--58},
  year         = {1974},
}

@Article{Sutskever2013,
  title   = {On the importance of initialization and momentum in deep learning},
  author  = {Sutskever, Ilya and Martens, James and Dahl, George and Hinton, Geoffrey},
  journal = icml,
  year    = {2013}
}

@Article{Szegedy2015,
  title   = {Going deeper with convolutions},
  author  = {Szegedy, Christian and Liu, Wei and Jia, Yangqing and Sermanet, Pierre and Reed, Scott and Anguelov, Dragomir and Erhan, Dumitru and Vanhoucke, Vincent and Rabinovich, Andrew and others},
  year    = {2015},
  journal = cvpr,
}

@Article{Taigman2016,
  author       = {Taigman, Yaniv and Polyak, Adam and Wolf, Lior},
  title        = {Unsupervised Cross-Domain Image Generation},
  journal      = iclr,
  year         = {2017},
}

@Article{Tao1997,
  author       = {Tao, Pham Dinh and An, Le Thi Hoai},
  title        = {Convex analysis approach to {DC} programming: theory, algorithms and applications},
  journal      = {Acta Mathematica Vietnamica},
  year         = {1997},
}

@Article{Taskar2003,
  author      = {Benjamin Taskar and Carlos Guestrin and Daphne Koller},
  title       = {Max-Margin {Markov} Networks},
  journal     = neurips,
  year        = {2003},
}

@article{Tavares2016,
  title = {Parametric Inverse Simulation},
  author = {Tavares, Zenna and Solar--Lezama, Armando},
  journal = neuripsaabi,
  year = {2016}
}

@article{Tavares2017,
  title = {Adversarial Inversion for Amortized Inference},
  author = {Tavares, Zenna and Minasyan, Edgar and Solar--Lezama, Armando},
  journal = {ICML Workshop on Implicit Models},
  year = {2017}
}

@Article{Taylor2012,
 author       = {Taylor, Jonathan and Shotton, Jamie and Sharp, Toby and Fitzgibbon, Andrew},
title         = {The {V}itruvian Manifold: Inferring Dense Correspondences for OneShot Human Pose Estimation},
journal       = cvpr,
year          = {2012},
}

@Article{Taylor2016,
  author       = {Taylor, Gavin and Burmeister, Ryan and Xu, Zheng and Singh, Bharat and Patel, Ankit and Goldstein, Tom},
  title        = {Training Neural Networks Without Gradients: A Scalable {ADMM} Approach},
  journal      = icml,
  year         = {2016},
}

@Article{Tian2017,
  author    = {Tian, Tian and Chen, Ning and Zhu,Jun},
  title     = {Learning Attributes from the Crowdsourced Relative Labels},
  journal   = {AAAI},
  year      = {2017},
}

@Article{Tishby1999,
  author    = {Tishby, Naftali and Pereira, Fernando C. and Bialek, William},
  title     = {The information bottleneck method},
  journal   = {37th annual Allerton Conference on Communication, Control and Computing},
  year      = {1999},
}

@Article{Tokmakov2016,
  author       = {Tokmakov, Pavel and Alahari, Karteek and Schmid, Cordelia},
  title        = {Weakly-Supervised Semantic Segmentation using Motion Cues},
  journal      = eccv,
  year         = {2016},
}

@Article{Tompson2014,
  author       = {Tompson, Jonathan and Stein, Murphy and Lecun, Yann and Perlin, Ken},
  title        = {Real-Time Continuous Pose Recovery of Human Hands Using Convolutional Networks},
  journal      = {ACM Transactions on Graphics},
  year = {2014},
  month = aug,
  volume = {33},
}

@Article{Townsend2019bbans,
    title   = {Practical Lossless Compression with Latent Variables using Bits Back Coding},
    author  = {James Townsend and Tom Bird and David Barber},
    year    = {2019},
    journal = iclr,
}

@Article{Townsend2020tutorial,
    title   = {A tutorial on the range variant of asymmetric numeral systems},
    author  = {James Townsend},
    year    = {2020},
    journal = {arXiv:2001.09186}
}

@Article{Tsochantaridis2004,
  author       = {Tsochantaridis, Ioannis and Hofmann, Thomas and Joachims, Thorsten and Altun, Yasemin},
  title        = {Support vector machine learning for interdependent and structured output spaces},
  journal      = icml,
  year         = {2004},
}

@Article{Tulyakov2017,
  author       = {Tulyakov, Sergey and Liu, Ming-Yu and Yang, Xiaodong and Kautz, Jan},
  title        = {Mo{C}o{GAN}: Decomposing Motion and Content for Video Generation},
  journal      = cvpr,
  year         = {2017},
}

@Article{vandenBerg2018sylvester,
  author        = {van den Berg, Rianne and Hasenclever, Leonard and Tomczak, Jakub M. and Welling, Max},
  title         = {Sylvester Normalizing Flows for Variational Inference},
  journal       = uai,
  year          = {2018},
}

@Article{VandenOord2016,
  author        = {Van den Oord, A{\"{a}}ron and Kalchbrenner, Nal and Kavukcuoglu, Koray},
  title         = {Pixel Recurrent Neural Networks},
  journal       = icml,
  year          = {2016},
}

@Article{Veit2017,
  author       = {Veit, Andreas and Belongie, Serge and Karaletsos, Theofanis},
  title        = {Conditional Similarity Networks},
  journal      = cvpr,
  year         = {2017},
}

@Article{Veach1995,
	title        = {Optimally combining sampling techniques for {M}onte {C}arlo rendering},
	author       = {Veach, Eric and Guibas, Leonidas J},
	Journal      = {Proceedings of the 22nd annual conference on Computer graphics and interactive techniques},
	pages        = {419--428},
	year         = {1995},
	organization = {ACM}
}

@Article{Wang2010,
 author        = {Wang, Huayan and Gould, Stephen and Roller, Daphne},
 title         = {Discriminative Learning with Latent Variables for Cluttered Indoor Scene Understanding},
 journal       = eccv,
 year          = {2010},
}

@Article{Wang2016,
    author = {Wang, Xiaolong and Gupta, Abhinav},
    title = {Generative Image Modeling using Style and Structure Adversarial Networks},
    journal = eccv,
    year = {2016},
}

@Article{Webb2018faithful,
  author = {Webb, Stefan and Goli{\'n}ski, Adam and Zinkov, Robert and Siddharth, N. and Rainforth, Tom and Teh, Yee Whye and Wood, Frank},
  title = {Faithful Inversion of Generative Models for Effective Amortized Inference},
  journal = neurips,
  year = {2018}
}

@Article{Wen2013feasible,
  title={A feasible method for optimization with orthogonality constraints},
  author={Wen, Zaiwen and Yin, Wotao},
  journal={Mathematical Programming},
  volume={142},
  number={1-2},
  pages={397--434},
  year={2013},
  publisher={Springer}
}

@Manual{Weston1998,
  author    = {Weston, Jason and Watkins, Chris},
  title     = {Multi-class Support Vector Machines},
  year      = {1998},
}

@Article{Williams1992,
 author = {Williams, Ronald J.},
 title = {Simple Statistical Gradient-Following Algorithms for Connectionist Reinforcement Learning},
journal = {Machine Learning},
 volume = {8},
 number = {3-4},
 year = {1992},
 pages = {229-256},
}

@Article{Wilson2017,
  title   = {The marginal value of adaptive gradient methods in machine learning},
  author  = {Wilson, Ashia C and Roelofs, Rebecca and Stern, Mitchell and Srebro, Nati and Recht, Benjamin},
  journal = neurips,
  year    = {2017}
}

@Book{Winkelmann2008,
  author    = {Winkelmann, Rainer},
  title     = {Econometric Analysis of Count Data},
  publisher = {Springer},
  year      = {2008},
}

@Article{Wolpert1991,
  author =        {Wolpert, Robert L},
  journal =       {Contemporary Mathematics},
  pages =         {101--116},
  title =         {{M}onte {C}arlo integration in {B}ayesian statistical analysis},
  volume =        {115},
  year =          {1991},
}

@Article{Wu2018,
  title   = {WNGrad: Learn the Learning Rate in Gradient Descent},
  author  = {Wu, Xiaoxia and Ward, Rachel and Bottou, L{\'e}on},
  journal = {arXiv:1803.02865},
  year    = {2018}
}

@Article{Xiang2017,
  title={Output Reachable Set Estimation and Verification for Multi-Layer Neural Networks},
  author={Xiang, Weiming and Tran, Hoang-Dung and Johnson, Taylor T},
  journal={arXiv:1708.03322},
  year={2017}
}

@Article{Yan2016,
  author    = {Yan, Xinchen and Yang, Jimei Sohn, Kihyuk and Lee, Honglak},
  title     = {Attribute2{I}mage: Conditional Image Generation from Visual Attributes},
  journal   = eccv,
  year      = {2016},
}

@Article{Yan2017,
  title     = {Top-k multi-class SVM using multiple features},
  author    = {Yan, Caixia and Luo, Minnan and Liu, Huan and Li, Zhihui and Zheng, Qinghua},
  journal   = {Information Sciences},
  year      = {2017},
}

@Article{Yi2017,
  author     = {Yi, Zili and Zhang, Hao and Tan, Ping and Gong, Minglun},
  title      = {Dual{GAN}: Unsupervised Dual Learning for Image-to-Image Translation},
  journal    = {arxiv:1704.02510},
  year       = {2017}
}

@Article{Yu2009,
  author       = {Yu, Chun-Nam John and Joachims, Thorsten},
  title        = {Learning Structural {SVMs} with Latent Variables},
  journal      = icml,
  year         = {2009},
}

@Article{Yu2016,
  author      = {Yu, Lantao and Zhang, Weinan and Wang, Jun and Yu, Yong},
  title       = {Seq{GAN}: Sequence Generative Adversarial Nets with Policy Gradient},
  journal     = {AAAI},
  year        = {2017},
}

@Article{Yuille2002,
  author       = {Yuille, Alan L. and Rangarajan, Anand},
  title        = {The Concave-Convex Procedure ({CCCP})},
  journal      = neurips,
  year         = {2002},
}

@Article{Zawadzki2015,
 author        = {Zawadzki, Erik and Lahaie, Sebastien},
 title         = {Nonparametric Scoring Rules},
 journal       = aaai,
 year          = {2015},
}

@Article{Zeiler2012,
  author       = {Zeiler, Matthew},
  title        = {{ADADELTA:} An Adaptive Learning Rate Method},
  journal      = arxiv,
  year         = {2012},
}

@Article{Zhang2017,
  author       = {Zhang, Yuchen and Liang, Percy and Wainwright, Martin J.},
  title        = {Convexified Convolutional Neural Networks},
  journal      = icml,
  year         = {2017},
}

@Article{Zhang2017a,
  title        = {BPGrad: Towards Global Optimality in Deep Learning via Branch and Pruning},
  author       = {Zhang, Ziming and Wu, Yuanwei and Wang, Guanghui},
  journal      = cvpr,
  year         = {2017}
}

@Article{Zhao2017,
  author       = {Zhao, Junbo and Kim, Yoon and Zhang, Kelly and Rush, Alexander M. and LeCun, Yann},
  title        = {Adversarially Regularized Autoencoders for Generating Discrete Structures},
  journal      = {arxiv:1706.04223},
  year         = {2017},
}

@Article{Zhao2017a,
  author    = {Zhao, Shengjia and Song, Jiaming and Ermon, Stefano},
  title     = {Towards Deeper Understanding of Variational Autoencoding Models},
  journal   = {arxiv:1702.08658},
  year      = {2017},
}

@Article{Zhao2017b,
  author       = {Zhao, Shengjia and Song, Jiaming and Ermon, Stefano},
  title        = {Info{VAE}: Information Maximizing Variational Autoencoders},
  journal      = {arxiv:1706.02262},
  year         = {2017},
}

@Article{Zheng2015,
  title       = {Improving deep neural networks using softplus units},
  author      = {Zheng, Hao and Yang, Zhanlei and Liu, Wenju and Liang, Jizhong and Li, Yanpeng},
  journal     = {International Joint Conference on Neural Networks},
  year        = {2015},
}

@Article{Zhou2017,
  title        = {Places: A 10 million Image Database for Scene Recognition},
  author       = {Zhou, Bolei and Lapedriza, Agata and Khosla, Aditya and Oliva, Aude and Torralba, Antonio},
  journal      = {IEEE Transactions on Pattern Analysis and Machine Intelligence},
  year         = {2017},
}

@Article{Zhu2008,
  author       = {Zhu, Jun and Xing, Eric P. and Zhang, Bo},
  title        = {Partially Observed Maximum Entropy Discrimination {Markov} Networks.},
  journal      = neurips,
  year         = {2008},
}

@Article{Zhu2009,
 author        = {Zhu, Jun and Xing, Eric P.},
 title         = {Maximum Entropy Discrimination {Markov} Networks},
 journal       = jmlr,
 year          = {2009},
}

@Article{Zhu2010,
  author       = {Zhu, Long Leo and Chen, Yuanhao and Yuille, Alan and Freeman, William},
  title        = {Latent hierarchical structural learning for object detection},
  journal      = cvpr,
  year         = {2010},
}

@Article{Zhu2017,
  title      = {Unpaired Image-to-Image Translation using Cycle-Consistent Adversarial Networks},
  author     = {Zhu, Jun-Yan and Park, Taesung and Isola, Phillip and Efros, Alexei A},
  journal    = iccv,
  year       = {2017},
}
