@string{aaai    = "Proceedings of the national conference on Artificial Intelligence (AAAI)"}
@string{add     = "Addison-Wesley"}
@string{ai      = "Artificial Intelligence"}
@string{aistats = "Proceedings of the International Conference on Artificial Intelligence and Statistics (AISTATS)"}
@string{arxiv   = "arXiv preprint"}

@string{colt = "Proceedings of the Conference on Learning Theory (COLT)"}
@string{cup  = "Cambridge University Press"}
@string{cvpr = "Proceedings of the IEEE Conference on Computer Vision and Pattern Recognition (CVPR)"}

@string{eccv  = "Proceedings of the European Conference on Computer Vision (ECCV)"}
@string{emnlp = "Proceedings of the Conference on Empirical Methods in Natural Language Processing (EMNLP)"}

@string{iccv  = "Proceedings of the International Conference on Computer Vision (ICCV)"}
@string{iclr  = "International Conference on Learning Representations (ICLR)"}
@string{iclrworkshop = "International Conference on Learning Representations (ICLR) Workshop Track"}
@string{icra  = "Proceedings of the International Conference on Robotics and Automation (ICRA)"}
@string{icml  = "Proceedings of the International Conference on Machine Learning (ICML)"}
@string{icmlinnf  = "International Conference on Machine Learning (ICML) Workshop on Invertible Neural Networks and Normalizing Flows (INNF)"}
@string{ijcai = "Proceedings of the International Joint Conference on Artificial Intelligence (IJCAI)"}
@string{ijcnn = "Proceedings of the IEEE International Joint Conference on Neural Networks (IJCNN)"}

@string{jmlr = "Journal of Machine Learning Research (JMLR)"}

@string{mit   = "MIT Press"}
@string{mitai = "MIT Artificial Intelligence Laboratory"}

@string{neurips = "Advances in Neural Information Processing Systems (NeurIPS)"}

@string{oueng  = "Department of Engineering Science, University of Oxford"}
@string{oustat = "Department of Statistics, University of Oxford"}
@string{oup    = "Oxford University Press"}

@string{pami  = "{IEEE} Transactions on Pattern Analysis and Machine Intelligence"}
@string{PIEEE = "Proceedings of IEEE"}
@string{pnas  = "Proceedings of the National Academy of Sciences, U.S.A."}

@string{RoyalStat = "Journal of the Royal Statistical Society"}
@string{rs        = "Proceedings of the Royal Society"}

@string{sp = "Springer-Verlag"}

@string{uai = "Proceedings of the conference on the Uncertainty in Artificial Intelligence (UAI)"}

@string{wil = "John Wiley and Sons"}
