@string{aaai    = "AAAI"}
@string{aistats = "AISTATS"}
@string{arxiv   = "arXiv"}

@string{colt = "COLT"}
@string{cup  = "CUP"}
@string{cvpr = "CVPR"}

@string{eccv  = "ECCV"}
@string{emnlp = "EMNLP"}

@string{iccv  = "ICCV"}
@string{iclr  = "ICLR"}
@string{iclrworkshop = "ICLR Workshop Track"}
@string{icra  = "ICRA"}
@string{icml  = "ICML"}
@string{icmlinnf  = "ICML Workshop on Invertible Neural Networks and Normalizing Flows (INNF)"}
@string{ijcai = "IJCAI"}
@string{ijcnn = "IJCNN"}

@string{jmlr = "JMLR"}

@string{neurips = "NeurIPS"}

@string{oup = "OUP"}

@string{pnas = "PNAS"}

@string{uai = "UAI"}

% ------------- strings definition ------------

@string{jan = "Jan"}
@string{feb = "Feb"}
@string{mar = "Mar"}
@string{apr = "Apr"}
@string{may = "May"}
@string{jun = "Jun"}
@string{jul = "Jul"}
@string{aug = "Aug"}
@string{sep = "Sep"}
@string{oct = "Oct"}
@string{nov = "Nov"}
@string{dec = "Dec"}
