@string{aaai    = "Proceedings of the national conference on Artificial Intelligence"}
@string{add     = "Addison-Wesley"}
@string{ai      = "Artificial Intelligence"}
@string{aistats = "Proceedings of the International Conference on Artificial Intelligence and Statistics"}
@string{arxiv   = "arXiv preprint"}

@string{colt = "Proceedings of the Conference on Learning Theory"}
@string{cup  = "Cambridge University Press"}
@string{cvpr = "Proceedings of the IEEE Conference on Computer Vision and Pattern Recognition"}

@string{eccv  = "Proceedings of the European Conference on Computer Vision"}
@string{emnlp = "Proceedings of the Conference on Empirical Methods in Natural Language Processing"}

@string{iccv  = "Proceedings of the International Conference on Computer Vision"}
@string{iclr  = "International Conference on Learning Representations"}
@string{iclrworkshop = "International Conference on Learning Representations Workshop Track"}
@string{icra  = "Proceedings of the International Conference on Robotics and Automation"}
@string{icml  = "Proceedings of the International Conference on Machine Learning"}
@string{icmlinnf  = "International Conference on Machine Learning Workshop on Invertible Neural Networks and Normalizing Flows"}
@string{ijcai = "Proceedings of the International Joint Conference on Artificial Intelligence"}
@string{ijcnn = "Proceedings of the IEEE International Joint Conference on Neural Networks"}
@string{ijcv  = "International Journal of Computer Vision"}

@string{jmlr = "Journal of Machine Learning Research"}

@string{mit   = "MIT Press"}
@string{mitai = "MIT Artificial Intelligence Laboratory"}

@string{neurips = "Advances in Neural Information Processing Systems"}
@string{neuripsaabi = "NeurIPS Workshop on Advances in Approximate Bayesian Inference"}
@string{now = "Now Publishers Inc."}

@string{oueng  = "Department of Engineering Science, University of Oxford"}
@string{oustat = "Department of Statistics, University of Oxford"}
@string{oup    = "Oxford University Press"}

@string{pami  = "{IEEE} Transactions on Pattern Analysis and Machine Intelligence"}
@string{PIEEE = "Proceedings of IEEE"}
@string{pnas  = "Proceedings of the National Academy of Sciences, U.S.A."}

@string{RoyalStat = "Journal of the Royal Statistical Society"}
@string{rs        = "Proceedings of the Royal Society"}

@string{sv = "Springer-Verlag"}

@string{uai = "Proceedings of the conference on the Uncertainty in Artificial Intelligence"}

@string{wil = "John Wiley and Sons, Ltd."}


% ------------- strings definition ------------

@string{jan = "January"}
@string{feb = "February"}
@string{mar = "March"}
@string{apr = "April"}
@string{may = "May"}
@string{jun = "June"}
@string{jul = "July"}
@string{aug = "August"}
@string{sep = "September"}
@string{oct = "October"}
@string{nov = "November"}
@string{dec = "December"}
